<record><leader>00000cas a22000007a 4500</leader><controlfield tag="001">21358716</controlfield><controlfield tag="008">900411d19061941maudn ne      0    0eng d</controlfield><datafield ind1=" " ind2=" " tag="010"><subfield code="a">sn 89062323 </subfield></datafield><datafield ind1=" " ind2=" " tag="040"><subfield code="a">MGN</subfield><subfield code="b">eng</subfield><subfield code="c">MGN</subfield><subfield code="d">OCLCQ</subfield></datafield><datafield ind1=" " ind2=" " tag="042"><subfield code="a">msc</subfield></datafield><datafield ind1="0" ind2=" " tag="130"><subfield code="a">Lowell courier-citizen (Lowell, Mass. : Morning ed.)</subfield></datafield><datafield ind1="1" ind2="0" tag="245"><subfield code="a">Lowell courier-citizen.</subfield></datafield><datafield ind1=" " ind2=" " tag="250"><subfield code="a">Morning ed.</subfield></datafield><datafield ind1=" " ind2=" " tag="260"><subfield code="a">Lowell, Mass. :</subfield><subfield code="b">Courier-Citizen Co.</subfield></datafield><datafield ind1=" " ind2=" " tag="300"><subfield code="a">v.</subfield></datafield><datafield ind1=" " ind2=" " tag="310"><subfield code="a">Daily (Except Sun.)</subfield></datafield><datafield ind1="0" ind2=" " tag="362"><subfield code="a">New ser. no. 1 (Mar. 1, 1906)-v. 99, new ser. no. 75 (Mar. 29, 1941).</subfield></datafield><datafield ind1=" " ind2=" " tag="580"><subfield code="a">Evening ed.: Lowell courier-citizen (Lowell, Mass. : Evening ed.), 1906-1921, and: Lowell evening leader, 1921-1938, and: Evening leader (Lowell, Mass.), 1938-1941.</subfield></datafield><datafield ind1=" " ind2=" " tag="752"><subfield code="a">United States</subfield><subfield code="b">Massachusetts</subfield><subfield code="c">Middlesex</subfield><subfield code="d">Lowell.</subfield></datafield><datafield ind1="1" ind2=" " tag="775"><subfield code="t">Lowell courier-citizen (Lowell, Mass. : Evening ed.)</subfield><subfield code="w">(DLC)sn 89062324</subfield></datafield><datafield ind1="1" ind2=" " tag="775"><subfield code="t">Lowell evening leader</subfield><subfield code="w">(DLC)sn 89062320</subfield></datafield><datafield ind1="1" ind2=" " tag="775"><subfield code="t">Evening leader (Lowell, Mass.)</subfield><subfield code="w">(DLC)sn 89062321</subfield></datafield><datafield ind1="0" ind2="4" tag="780"><subfield code="t">Lowell daily courier (Lowell, Mass. : 1861)</subfield><subfield code="w">(DLC)sn 83020097</subfield></datafield><datafield ind1="0" ind2="4" tag="780"><subfield code="t">Lowell morning citizen</subfield><subfield code="w">(DLC)sn 89062322</subfield></datafield><datafield ind1="0" ind2="7" tag="785"><subfield code="t">Evening leader (Lowell, Mass.)</subfield><subfield code="w">(DLC)sn 89062321</subfield></datafield><datafield ind1="0" ind2="7" tag="785"><subfield code="t">Lowell citizen-leader</subfield><subfield code="w">(DLC)sn 89062325</subfield></datafield></record>